@book{diggleBook2019,
series = {Chapman and Hall/CRC Interdisciplinary Statistics Ser},
issn = {9781138732353},
publisher = {Chapman and Hall/CRC},
isbn = {9781351743273},
year = {2019},
title = {Model-Based Geostatistics for Global Public Health : Methods and Applications.},
language = {eng},
address = {Milton},
author = {Diggle, Peter J},
keywords = {Electronic books},
}


@book{dobson2008,
title={An Introduction to Generalized Linear Models},
author={Dobson, A. J. and Barnett, A.},
year={2008},
edition={third},
publisher={Chapman and Hall/CRC}
}

@book{pawitan2001,
issn = {9780199671229},
publisher = {Clarendon Press : Oxford University Press},
isbn = {9780191650574},
year = {2001},
title = {In all likelihood : statistical modelling and inference using likelihood},
language = {eng},
address = {Oxford ; New York},
author = {Pawitan, Yudi},
keywords = {Mathematical statistics; Electronic books},
}

@book{ross2013,
issn = {9781292024929},
abstract = {A First Course in Probability, Ninth Edition, features clear and intuitive explanations of the mathematics of probability theory, outstanding problem sets, and a variety of diverse examples and applications. This book is ideal for an upper-level undergraduate or graduate level introduction to probability for math, science, engineering and business students. It assumes a background in elementary calculus.},
publisher = {Pearson Education UK},
isbn = {9781292037561},
year = {2013},
title = {First Course in Probability, A.},
edition = {9th ed.},
language = {eng},
address = {Harlow},
author = {Ross, Sheldon},
keywords = {Electronic books},
}



